@Book{hazewinkel2002encyclopaedia,
 author = {Hazewinkel, Michiel},
 title = {Encyclopaedia of mathematics},
 publisher = {Springer-Verlag},
 year = {2002},
 address = {Berlin New York},
 isbn = {1402006098}
 }

@Book{lavalle2006planning,
 author = {LaValle, Steven},
 title = {Planning algorithms},
 publisher = {Cambridge University Press},
 year = {2006},
 address = {Cambridge New York},
 isbn = {978-0521862059}
 }

@Book{basu1993computer,
 author = {Basu, A},
 title = {Computer vision : systems, theory, and applications},
 publisher = {World Scientific},
 year = {1993},
 address = {Singapore River Edge, NJ},
 isbn = {9789810213923}
 }

% ---
% Old
% ---

@misc{mcdermid2003gaquoridor,
  howpublished = {Final group project report},
  title = {Applying genetic algorithms to quoridor game search trees for
    next-move selection},
  author = {Quinn McDermid and Anand Patil and Touran Raguimov},
  year = {2003},
  publisher = {School of Computer Science of Waterloo University}
}

@article{mertens2006quoridor,
  title = {A quoridor-playing agent},
  author = {Peter J. C. Mertens},
  year = {2006},
  publisher = {Maastricht University}
}
@book{kosko1997fuzzy,
  title={Fuzzy engineering},
  author={Kosko and Bart},
  year={1997},
  publisher={Prentice-Hall, Inc.}
}
@book{haykin2001redes,
  title={Redes neurais},
  author={Haykin, Simon},
  year={2001},
  publisher={Grupo A}
}
@book{shiffman2012nature,
  title={The Nature of Code},
  author={Shiffman, Daniel and Fry, Shannon and Marsh, Zannah},
  year={2012},
  publisher={D. Shiffman}
}

@book{doringo2004ant,
 author = {Marco Dorigo and Thomas St\"{U}tzle},
 title = {Ant Colony Optimization},
 year = {2004},
 isbn = {0262042193},
 publisher = {Bradford Book},
}

@article{bertsimas1993simulated,
  title = {Simulated annealing},
  author = {Dimitris Bertsimas and John Tsitsiklis},
  journal = {Statistical Science},
  pages = {10--15},
  year = {1993},
  publisher = {JSTOR}
}

@misc{felixnavarro,
  howpublished = {Monografia de Iniciação à Pesquisa ao Curso
                  de Graduação em Engenharia de Computação},
  title = {Robôs Autônomos Cooperativos: Small Size League},
  author = {Thiago Arruda Navarro Amaral and Diego Félix de Almeida},
  year = {2011},
  publisher = {Instituto Militar de Engenharia}
}

@phdthesis{zickler,
  title = {Physics-Based Robot Motion Planning in Dynamic
           Multi-Body Environments},
  author = {Stefan Zickler},
  year = {2010},
  month = {May},
  school = {Carnegie Mellon University}
}

@book{math2robotics,
  title = {A Mathematical Introduction to Robotic Manipulation},
  author = {Richard M. Murray and Zexiang Li and S. Shankar Sastry},
  year = {1994},
  publisher = {CRC Press}
}

@book{russellnorvig,
  title = {Inteligência Artificial},
  author = {Stuart J. Russell and Peter Norvig},
  year = {2004},
  publisher = {Elsevier},
  edition   = {quinta reimpressão}
}

@book{yoneyama2004ia,
  author = {Cairo L. Nascimento Jr. and Takashi Yoneyama},
  title = {Inteligência Artificial em Controle e Automação},
  year = {2004},
  publisher = {FAPESP},
  edition   = {segunda}
}

@book{passos2005datamining,
  author = {Emmanuel Passos and Ronaldo Goldschmidt},
  title = {Data Mining: Um Guia Prático},
  year = {2005},
  publisher = {Elsevier}
}

@report{vail2008crf,
  author = {Douglas L. Vail and Manuela M. Veloso},
  title = {Feature Selection for Activity Recognition in Multi-Robot Domains},
  year = {2008},
  institution = {Computer Science Department of Carnegie Mellon University}
}

@article{sheng2005motionprediction,
  author = {Yu Sheng and Yonghai Wu and Wenfei Wang and Chengguo Guo},
  title = {Motion Prediction in a High-speed, Dynamic Environment},
  year = {2005},
  journal = {Proceedings of 17th IEEE International Conference on
             Tools with Artificial Intelligence (ICTAI)}
}

@report{bowling2003plays,
  author = {Michael Bowling and Brett Browning and Allen Chang and
            Manuela Veloso},
  title = {Plays as Team Plans for Coordination and Adaptation},
  institution = {Carnegie Mellon University},
  year = {2003}
}

@article{vieira2002algogeneticos,
  author = {Guilherme Ernani Vieira and Marcio Morelli Soares and
            Osvaldo Gaspar Junior},
  title = {Otimização do Planejamento Mestre da Produção Através de 
           Algorítmos Genéticos},
  year ={2002},
  journal = {XXII Encontro Nacional de Engenharia de Produção}
}

@book{blum2005aco,
  author = {Christian Blum},
  title = {Ant colony optimization: Introduction and recent trends},
  year = {2005},
  publisher = {Elsevier}
}

@misc{Robocup,
    title = {A Brief History of RoboCup},
      howpublished = {\url{http://www.robocup.org/about-robocup/a-brief-history-of-robocup/}},
        note = {Accessed: 2014-08-26}
}
% - Long Short-Term Memory Tutorial (Jürgen Schmidhuber): http://www.idsia.ch/~juergen/lstm/sld001.htm
